% Encoding: UTF-8

@InProceedings{unitTestSurv,
  author    = {E. Daka and G. Fraser},
  title     = {A Survey on Unit Testing Practices and Problems},
  booktitle = {2014 IEEE 25th International Symposium on Software Reliability Engineering},
  year      = {2014},
  pages     = {201-211},
  month     = {Nov},
  doi       = {10.1109/ISSRE.2014.11},
  issn      = {1071-9458},
  keywords  = {program testing;software engineering;unit testing practices;test cases;regular code;JUnit;Java;automatic unit test suite execution;automated unit test generation;software development;programming language;global online marketing research platform;unit testing automation;software engineering survey;Testing;Software;Writing;Java;Reliability;Software engineering;unit testing;test case generation;survey},
}

@Article{hintsOnTestData,
  author   = {R. A. DeMillo and R. J. Lipton and F. G. Sayward},
  title    = {Hints on Test Data Selection: Help for the Practicing Programmer},
  journal  = {Computer},
  year     = {1978},
  volume   = {11},
  number   = {4},
  pages    = {34-41},
  month    = {April},
  issn     = {0018-9162},
  doi      = {10.1109/C-M.1978.218136},
  keywords = {Programming profession;System testing;Error correction;Computer errors;Software reliability;Software debugging;Computer bugs;Process design;Error analysis},
}

@Article{doesTDDWork,
  author   = {D. Janzen and H. Saiedian},
  title    = {Does Test-Driven Development Really Improve Software Design Quality?},
  journal  = {IEEE Software},
  year     = {2008},
  volume   = {25},
  number   = {2},
  pages    = {77-84},
  month    = {March},
  issn     = {0740-7459},
  doi      = {10.1109/MS.2008.34},
  keywords = {program testing;software metrics;software process improvement;software quality;test-driven development;software design quality improvement;extreme programming;cohesion metrics;confounding factor;Software testing;Software design;Automatic testing;Open source software;Writing;Programming profession;Propulsion;Productivity;Software quality;test design;test-driven development;TDD;software design;software architecture;quality analysis;quality metrics},
}

@InProceedings{codeQual,
  author    = {L. Gren and V. Antinyan},
  title     = {On the Relation Between Unit Testing and Code Quality},
  booktitle = {2017 43rd Euromicro Conference on Software Engineering and Advanced Applications (SEAA)},
  year      = {2017},
  pages     = {52-56},
  month     = {Aug},
  doi       = {10.1109/SEAA.2017.36},
  keywords  = {program testing;resource allocation;software quality;unit testing;code quality;software quality;unit test coverage;post-unit test defects;resource allocation;Testing;Companies;Software;Correlation;Software engineering;Standards organizations;unit tests coverage;code quality;perceived quality;value},
}

@Book{SWEBOK,
  title     = {Guide to the Software Engineering Body of Knowledge (SWEBOK(R)): Version 3.0},
  publisher = {IEEE Computer Society Press},
  year      = {2014},
  author    = {IEEE Computer Society and Bourque, Pierre and Fairley, Richard E.},
  address   = {Los Alamitos, CA, USA},
  edition   = {3rd},
  isbn      = {0769551661, 9780769551661},
}

@Comment{jabref-meta: databaseType:bibtex;}
