@INPROCEEDINGS{6982627,
author={E. Daka and G. Fraser},
booktitle={2014 IEEE 25th International Symposium on Software Reliability Engineering},
title={A Survey on Unit Testing Practices and Problems},
year={2014},
volume={},
number={},
pages={201-211},
keywords={program testing;software engineering;unit testing practices;test cases;regular code;JUnit;Java;automatic unit test suite execution;automated unit test generation;software development;programming language;global online marketing research platform;unit testing automation;software engineering survey;Testing;Software;Writing;Java;Reliability;Software engineering;unit testing;test case generation;survey},
doi={10.1109/ISSRE.2014.11},
ISSN={1071-9458},
month={Nov},}

@ARTICLE{1646911,
author={R. A. DeMillo and R. J. Lipton and F. G. Sayward},
journal={Computer},
title={Hints on Test Data Selection: Help for the Practicing Programmer},
year={1978},
volume={11},
number={4},
pages={34-41},
keywords={Programming profession;System testing;Error correction;Computer errors;Software reliability;Software debugging;Computer bugs;Process design;Error analysis},
doi={10.1109/C-M.1978.218136},
ISSN={0018-9162},
month={April},}

@ARTICLE{4455636,
author={D. Janzen and H. Saiedian},
journal={IEEE Software},
title={Does Test-Driven Development Really Improve Software Design Quality?},
year={2008},
volume={25},
number={2},
pages={77-84},
keywords={program testing;software metrics;software process improvement;software quality;test-driven development;software design quality improvement;extreme programming;cohesion metrics;confounding factor;Software testing;Software design;Automatic testing;Open source software;Writing;Programming profession;Propulsion;Productivity;Software quality;test design;test-driven development;TDD;software design;software architecture;quality analysis;quality metrics},
doi={10.1109/MS.2008.34},
ISSN={0740-7459},
month={March},}

